##### se hvor sidste semester starter#####



@book{co-Integration_and_error_correction,
   author = {Robert F. Engle, C. W. J. Granger},
   title = {Co-Integration and Error Correction: Representation, Estimation and Testing},
   publisher = {Springer},
   language = {English},
   year = {1987},
   chapter = {55},
   edition = {Second}
}

@book{ Analysis_of_integrated_and_cointegrated_time_series_with_R,
   author = {Bernhard Pfaff},
   title ={Analysis_of_integrated_and_cointegrated_time_series_with_R},
   publisher = {Springer},
   language = {English},
   year = {2008},
   chapter = {4},
   edition = {Second}
}

@article{Spurious_example,
    author = {Tyler Vigen},
    title = {Spurious correlations},
    journal = {TylerVigen.com},
    year = {2024},
    DOI = {https://www.tylervigen.com/spurious/correlation/1402_viewership-of-the-big-bang-theory_correlates-with_google-searches-for-how-to-make-baby},
    keywords = {Spruious_regression_example}
}

@article{Cointegration_intro,
    author = {CFI Team},
    title = {Cointegration},
    journal = {https://corporatefinanceinstitute.com/},
    year = {2024},
    DOI = {https://corporatefinanceinstitute.com/resources/data-science/cointegration/},
    keywords = {Cointegration article}
}

@article{Engle_grang_test,
    author = {James G. MacKinnon},
    title = {Critical Values for Cointegration Tests},
    journal = {Department of Economics
Queen’s University},
    year = {2010},
    DOI = {https://www.econ.queensu.ca/sites/econ.queensu.ca/files/wpaper/qed_wp_1227.pdf},
    keywords = {ENG_GRANG_TEST}
}





###### Sidste semester ######
# -->

%%%%%(snalbe a)mics{FMC,
    author = {J. Eduardo Vera-Valdés},
    title = {Finansielle Markeder course},
    web = {https://www.moodle.aau.dk/mod/resource/view.php?id=1534584},
    date = {11.05.2023}
    }
